@article{testCite,
  author = {Anderson, J. L.},
  title = {An Ensemble Adjustment {K}alman Filter for Data Assimilation},
  journal = {Monthly Weather Review},
  year = {2001},
  volume = {129},
  pages = {2884--2903}
}

@manual{stm32f051c6Datasheet,
  author = {STMicroelectronics},
  title = {STM32F0x Device Datasheet},
  month = {August},
  year = {2015}
}
