@article{klannLinkage,
  author = {Unknown},
  title = {Jansen Linkage - Klann Linkage Comparison},
  year = {2009},
  url = {http://www.mechanicalspider.com/comparison.html}
}

@misc{freeRTOS,
  title = {FreeRTOS},
  year = {2015},
  url = {http://www.freertos.org/}
}
